@book{moggi1988computational,
    title = {Computational lambda-calculus and monads},
    author = {Moggi, Eugenio},
    year = {1988},
    publisher = {University of Edinburgh, Department of Computer Science, Laboratory for~…}
}

@inproceedings{lucassen1988polymorphic,
    title={Polymorphic effect systems},
    author={Lucassen, John M and Gifford, David K},
    booktitle={Proceedings of the 15th ACM SIGPLAN-SIGACT symposium on Principles of programming languages},
    pages={47--57},
    year={1988}
}

@inproceedings{peyton1993imperative,
    title={Imperative functional programming},
    author={Peyton Jones, Simon L and Wadler, Philip},
    booktitle={Proceedings of the 20th ACM SIGPLAN-SIGACT symposium on Principles of programming languages},
    pages={71--84},
    year={1993}
}

@inproceedings{jones1995functional,
    title = {Functional programming with overloading and higher-order polymorphism},
    author = {Jones, Mark P},
    booktitle = {Advanced Functional Programming: First International Spring School on Advanced Functional Programming Techniques B{\aa}stad, Sweden, May 24--30, 1995 Tutorial Text 1},
    pages = {97--136},
    year = {1995},
    organization = {Springer}
}

@inproceedings{liang1995monad,
    title = {Monad transformers and modular interpreters},
    author = {Liang, Sheng and Hudak, Paul and Jones, Mark},
    booktitle = {Proceedings of the 22nd ACM SIGPLAN-SIGACT symposium on Principles of programming languages},
    pages = {333--343},
    year = {1995}
}

@techreport{gaster1996polymorphic,
    title = {A polymorphic type system for extensible records and variants},
    author = {Gaster, Benedict R and Jones, Mark P},
    year = {1996},
    institution = {Technical Report NOTTCS-TR-96-3, Department of Computer Science, University~…}
}

@book{gosling2000java,
    title = {The Java language specification},
    author = {Gosling, James},
    year = {2000},
    publisher = {Addison-Wesley Professional}
}

@article{wadler2003marriage,
    title={The marriage of effects and monads},
    author={Wadler, Philip and Thiemann, Peter},
    journal={ACM Transactions on Computational Logic (TOCL)},
    volume={4},
    number={1},
    pages={1--32},
    year={2003},
    publisher={ACM New York, NY, USA}
}

@online{checked-exceptions,
    author = {Venners, Bill and Eckel, Bruce and Hejlsberg, Anders},
    title = {The Trouble with Checked Exceptions},
    date = {2003},
    url = {https://www.artima.com/articles/the-trouble-with-checked-exceptions},
}

@article{swierstra2008data,
    title = {Data types {\`a} la carte},
    author = {Swierstra, Wouter},
    journal = {Journal of functional programming},
    volume = {18},
    number = {4},
    pages = {423--436},
    year = {2008},
    publisher = {Cambridge University Press}
}

@article{kiselyov2013extensible,
    title={Extensible effects: an alternative to monad transformers},
    author={Kiselyov, Oleg and Sabry, Amr and Swords, Cameron},
    journal={ACM SIGPLAN Notices},
    volume={48},
    number={12},
    pages={59--70},
    year={2013},
    publisher={ACM New York, NY, USA}
}

@article{leijen2014koka,
    title = {Koka: Programming with row polymorphic effect types},
    author = {Leijen, Daan},
    journal = {arXiv preprint arXiv:1406.2061},
    year = {2014}
}

@inproceedings{hillerstrom2016liberating,
    title = {Liberating effects with rows and handlers},
    author = {Hillerstr{\"o}m, Daniel and Lindley, Sam},
    booktitle = {Proceedings of the 1st International Workshop on Type-Driven Development},
    pages = {15--27},
    year = {2016}
}

@inproceedings{leijen2017type,
    title = {Type directed compilation of row-typed algebraic effects},
    author = {Leijen, Daan},
    booktitle = {Proceedings of the 44th ACM SIGPLAN Symposium on Principles of Programming Languages},
    pages = {486--499},
    year = {2017}
}

@inproceedings{leijen2017structured,
    title = {Structured asynchrony with algebraic effects},
    author = {Leijen, Daan},
    booktitle = {Proceedings of the 2nd ACM SIGPLAN International Workshop on Type-Driven Development},
    pages = {16--29},
    year = {2017}
}

@inproceedings{chandrasekaran2018algebraic,
    title={Algebraic effect handlers go mainstream (dagstuhl seminar 18172)},
    author={Chandrasekaran, Sivaramakrishnan Krishnamoorthy and Leijen, Daan and Pretnar, Matija and Schrijvers, Tom},
    booktitle={Dagstuhl reports},
    volume={8},
    number={4},
    year={2018},
    organization={Schloss Dagstuhl-Leibniz-Zentrum fuer Informatik}
}

@inproceedings{lindley2018encapsulating,
    title = {Encapsulating effects},
    author = {Lindley, Sam},
    booktitle = {Dagstuhl Reports, Volume 8, Issue 4},
    year = {2018}
}

@inproceedings{xie2020row,
    title = {Row and bounded polymorphism via disjoint polymorphism},
    author = {Xie, Ningning and Oliveira, Bruno C d S and Bi, Xuan and Schrijvers, Tom},
    booktitle = {34th European Conference on Object-Oriented Programming (ECOOP 2020)},
    year = {2020},
    organization = {Schloss-Dagstuhl-Leibniz Zentrum f{\"u}r Informatik}
}

@article{odersky2022scoped,
    title = {Scoped capabilities for polymorphic effects},
    author = {Odersky, Martin and Boruch-Gruszecki, Aleksander and Lee, Edward and Brachth{\"a}user, Jonathan and Lhot{\'a}k, Ond{\v{r}}ej},
    journal = {arXiv preprint arXiv:2207.03402},
    year = {2022}
}

@article{van2024framework,
    title = {A framework for higher-order effects \& handlers},
    author = {van den Berg, Birthe and Schrijvers, Tom},
    journal = {Science of Computer Programming},
    volume = {234},
    pages = {103086},
    year = {2024},
    publisher = {Elsevier}
}
